<?xml version="1.0" encoding="UTF-8"?><record xmlns="http://www.loc.gov/MARC21/slim" xmlns:cinclude="http://apache.org/cocoon/include/1.0" xmlns:zs="http://www.loc.gov/zing/srw/">
  <leader>00311nz  a2200121n  4500</leader>
  <controlfield tag="001">nr 95045955 </controlfield>
  <controlfield tag="003">DLC</controlfield>
  <controlfield tag="005">19951219060419.5</controlfield>
  <controlfield tag="008">951213n| acannaab|          |n aaa     c</controlfield>
  <datafield tag="010" ind1=" " ind2=" ">
    <subfield code="a">nr 95045955 </subfield>
  </datafield>
  <datafield tag="040" ind1=" " ind2=" ">
    <subfield code="a">DNGA</subfield>
    <subfield code="c">DNGA</subfield>
  </datafield>
  <datafield tag="100" ind1="1" ind2="0">
    <subfield code="a">Verburgh, Jean</subfield>
  </datafield>
  <datafield tag="670" ind1=" " ind2=" ">
    <subfield code="a">MeĚdard Verburgh, 1886-1957, c1994:</subfield>
    <subfield code="b">t.p. (Jean Verburgh)</subfield>
  </datafield>
</record>